<?xml version="1.0" encoding="UTF-8"?><collection xmlns="http://www.loc.gov/MARC21/slim"><record><leader>00441nam--2200145-i-4500</leader><controlfield tag="001">000047406</controlfield><controlfield tag="002">20161230</controlfield><controlfield tag="005">20161230201046</controlfield><controlfield tag="008">060222s1000------------r-----000-0-eng-d</controlfield><datafield ind1=" " ind2=" " tag="080"><subfield code="a">512.64:517.956</subfield></datafield><datafield ind1=" " ind2=" " tag="100"><subfield code="a">Westlake, Joan R</subfield></datafield><datafield ind1=" " ind2=" " tag="245"><subfield code="a">A handbook of numerical matrix inversion and solution of linear equations</subfield></datafield><datafield ind1=" " ind2=" " tag="260"><subfield code="a">New York, John Wiley &amp; Sons, Inc., 1968, Viii + 171p</subfield></datafield><datafield ind1=" " ind2=" " tag="852"><subfield code="a">36569</subfield><subfield code="c">512.831</subfield></datafield><datafield ind1=" " ind2=" " tag="CAT"><subfield code="a">Sys</subfield><subfield code="c">20080522</subfield><subfield code="h">124150</subfield></datafield></record></collection>